@article{aguirre2016functional,
	title={Functional traits help to explain half-century long shifts in pollinator distributions},
	author={Aguirre-Guti{\'e}rrez, Jes{\'u}s and Kissling, W Daniel and Carvalheiro, Lu{\'\i}sa G and WallisDeVries, Michiel F and Franz{\'e}n, Markus and Biesmeijer, Jacobus C},
	journal={Scientific reports},
	volume={6},
	year={2016},
	publisher={Nature Publishing Group},
	doi={10.1038/srep24451},
	note={doi: 10.1038/srep24451}}
}

@misc{AHN2016inwinjaren,
	author={AHN},
	year={2016},
	title={{Inwinjaren AHN2 \& AHN3}},
	note={\url{http://www.ahn.nl/common-nlm/inwinjaren-ahn2--ahn3.html} [Online: accessed April 2017]}
}

@article{aksoy2010automatic,
	title={Automatic mapping of linear woody vegetation features in agricultural landscapes using very high resolution imagery},
	author={Aksoy, Selim and Ak{\c{c}}ay, H G{\"o}khan and Wassenaar, Tom},
	journal={IEEE Transactions on Geoscience and Remote Sensing},
	volume={48},
	number={1},
	pages={511--522},
	year={2010},
	publisher={IEEE},
	doi={10.1109/TGRS.2009.2027702},
	note={doi: 10.1109/TGRS.2009.2027702}
}

@article{bailly2008agrarian,
	title={Agrarian landscapes linear features detection from LiDAR: application to artificial drainage networks},
	author={Bailly, JS and Lagacherie, P and Millier, C and Puech, C and Kosuth, P},
	journal={International Journal of Remote Sensing},
	volume={29},
	number={12},
	pages={3489--3508},
	year={2008},
	publisher={Taylor \& Francis}
}

@techreport{biala2012streamlining,
	title={Streamlining European biodiversity indicators 2020},
	author={Bia{\l}a, Katarzyna and Cond{\'e}, Sophie and Delbaere, Ben and Jones-Walters, Lawrence and Torre-Mar{\'\i}n, Amor},
	year={2012},
	institution={European Environment Agency},
	number={11/2012}
}

@article{blaschke2014geographic,
	title={Geographic object-based image analysis--towards a new paradigm},
	author={Blaschke, Thomas and Hay, Geoffrey J and Kelly, Maggi and Lang, Stefan and Hofmann, Peter and Addink, Elisabeth and Feitosa, Raul Queiroz and van der Meer, Freek and van der Werff, Harald and van Coillie, Frieke and others},
	journal={ISPRS Journal of Photogrammetry and Remote Sensing},
	volume={87},
	pages={180--191},
	year={2014},
	publisher={Elsevier}
}

@article{boutin2001hedgerows,
	title={Hedgerows in the farming landscapes of Canada},
	author={Boutin, C and Jobin, B and B{\'e}langer, L and Baril, A and Freemark, KE},
	journal={Hedgerows of the World: their ecological functions in different landscapes},
	pages={33--42},
	year={2001}
}

@techreport{bouwma2014biodiversiteit,
	title={{Biodiversiteit bekeken: hoe evalueert en verkent het PBL het natuurbeleid?}},
	author={Irene Bouwma and Marlies Sanders and Gerard Jagers op Akkerhuis and Onno Knol, Jana Verboom and Bert de Wit and Jaap Wiertz and Arjen van Hinsber},
	year={2014},
	institution={Planbureau voor de Leefomgeving},
	number={924}
}

@article{bradley1997use,
	title={The use of the area under the ROC curve in the evaluation of machine learning algorithms},
	author={Bradley, Andrew P},
	journal={Pattern recognition},
	volume={30},
	number={7},
	pages={1145--1159},
	year={1997},
	publisher={Elsevier}
}

@book{breiman1984classification,
	title={Classification and regression trees},
	author={Breiman, Leo and Friedman, Jerome and Stone, Charles J and Olshen, Richard A},
	year={1984},
	publisher={CRC press}
}

@article{breiman2001random,
	title={Random forests},
	author={Breiman, Leo},
	journal={Machine learning},
	volume={45},
	number={1},
	pages={5--32},
	year={2001},
	publisher={Springer}
}

@article{burel1996hedgerows,
	title={Hedgerows and their role in agricultural landscapes},
	author={Burel, Fran{\c{c}}oise},
	journal={Critical reviews in plant sciences},
	volume={15},
	number={2},
	pages={169--190},
	year={1996},
	publisher={Taylor \& Francis}
}

@article{chehata2009airborne,
	title={Airborne lidar feature selection for urban classification using random forests},
	author={Chehata, Nesrine and Guo, Li and Mallet, Cl{\'e}ment},
	journal={International Archives of Photogrammetry, Remote Sensing and Spatial Information Sciences},
	volume={38},
	number={3},
	pages={207--2012},
	year={2009},
}

@techreport{chen2004using,
	title={Using Random Forest to Learn Imbalanced Data},
	author={Chao Chen and Andy Liaw and Leo Breiman},
	year={2004},
	institution={Department of Statistics, UC Berkeley},
	number={666}
}

@book{congalton2008assessing,
	title={Assessing the accuracy of remotely sensed data: principles and practices},
	author={Congalton, Russell G and Green, Kass},
	year={2008},
	publisher={CRC press}
}

@article{croxton2005linear,
	title={Linear hotspots? The floral and butterfly diversity of green lanes},
	author={Croxton, PJ and Hann, JP and Greatorex-Davies, JN and Sparks, TH},
	journal={Biological conservation},
	volume={121},
	number={4},
	pages={579--584},
	year={2005},
	publisher={Elsevier},
	doi={10.1016/j.biocon.2004.06.008},
	note={doi: 10.1016/j.biocon.2004.06.008}
}

@article{eitel2016beyond,
	title={Beyond 3-D: The new spectrum of lidar applications for earth and ecological sciences},
	author={Eitel, Jan UH and H{\"o}fle, Bernhard and Vierling, Lee A and Abell{\'a}n, Antonio and Asner, Gregory P and Deems, Jeffrey S and Glennie, Craig L and Joerg, Philip C and LeWinter, Adam L and Magney, Troy S and others},
	journal={Remote Sensing of Environment},
	volume={186},
	pages={372--392},
	year={2016},
	publisher={Elsevier}
}

@inproceedings{ester1996density,
	title={A density-based algorithm for discovering clusters in large spatial databases with noise.},
	author={Ester, Martin and Kriegel, Hans-Peter and Sander, J{\"o}rg and Xu, Xiaowei and others},
	booktitle={Kdd},
	volume={96},
	number={34},
	pages={226--231},
	year={1996}
}

@article{freeman1975determining,
	title={Determining the minimum-area encasing rectangle for an arbitrary closed curve},
	author={Freeman, Herbert and Shapira, Ruth},
	journal={Communications of the ACM},
	volume={18},
	number={7},
	pages={409--413},
	year={1975},
	publisher={ACM}
}

@article{gobster2007shared,
	title={The shared landscape: what does aesthetics have to do with ecology?},
	author={Gobster, Paul H and Nassauer, Joan I and Daniel, Terry C and Fry, Gary},
	journal={Landscape ecology},
	volume={22},
	number={7},
	pages={959--972},
	year={2007},
	publisher={Springer},
	doi={10.1007/s10980-007-9110-x},
	note={doi: 10.1007/s10980-007-9110-x}
}

@article{guo2011relevance,
	title={Relevance of airborne lidar and multispectral image data for urban scene classification using Random Forests},
	author={Guo, Li and Chehata, Nesrine and Mallet, Cl{\'e}ment and Boukir, Samia},
	journal={ISPRS Journal of Photogrammetry and Remote Sensing},
	volume={66},
	number={1},
	pages={56--66},
	year={2011},
	publisher={Elsevier}
}

@article{he2009learning,
	title={Learning from imbalanced data},
	author={He, Haibo and Garcia, Edwardo A},
	journal={IEEE Transactions on knowledge and data engineering},
	volume={21},
	number={9},
	pages={1263--1284},
	year={2009},
	publisher={IEEE},
	doi = {10.1109/TKDE.2008.239},
	note={doi: 10.1109/TKDE.2008.239}
}


@article{ho1998random,
	title={The random subspace method for constructing decision forests},
	author={Ho, Tin Kam},
	journal={IEEE transactions on pattern analysis and machine intelligence},
	volume={20},
	number={8},
	pages={832--844},
	year={1998},
	publisher={IEEE}
}

@article{hoppe1992surface,
	title={Surface Reconstruction from Unorganized Points},
	author={Hoppe, Hugues and DeRose, Tony and Duchampt, Tom and McDonald, John and Stuetzle, Werner},
	journal={Computer Graphics},
	volume={26},
	pages={2},
	year={1992}
}

@article{hsu2003practical,
	title={A practical guide to support vector classification},
	author={Hsu, CW and Chang, CC and Lin, CJ},
	year={2003}
}

@misc{jones2001scipy,
	author =    {Eric Jones and Travis Oliphant and Pearu Peterson and others},
	title =     {{SciPy}: Open source scientific tools for {Python}},
	year =      {2001},
	note = {\url{http://www.scipy.org/} [Online: accessed April 2017]}
}

@article{jongman2004landscape,
	title={Landscape linkages and biodiversity in European landscapes},
	author={Jongman, RHG},
	journal={The new dimensions of the European landscape. Springer, Dordrecht},
	pages={179--189},
	year={2004}
}

@article{kissling2017eecolidar,
	title={eEcoLiDAR, eScience infrastructure for ecological applications of LiDAR point clouds: reconstructing the 3D ecosystem structure for animals at regional to continental scales},
	author={Kissling, W Daniel and Seijmonsbergen, Arie and Foppen, Ruud and Bouten, Willem},
	journal={Research Ideas and Outcomes},
	volume={3},
	pages={e14939},
	year={2017},
	publisher={Pensoft Publishers},
	doi={10.3897/rio.3.e14939},
	note={doi: 10.3897/rio.3.e14939}
}

@inproceedings{kohavi1995study,
	title={A study of cross-validation and bootstrap for accuracy estimation and model selection},
	author={Kohavi, Ron and others},
	booktitle={Ijcai},
	volume={14},
	number={2},
	pages={1137--1145},
	year={1995},
	organization={Stanford, CA}
}

@article{kubat1998machine,
	title={Machine learning for the detection of oil spills in satellite radar images},
	author={Kubat, Miroslav and Holte, Robert C and Matwin, Stan},
	journal={Machine learning},
	volume={30},
	number={2-3},
	pages={195--215},
	year={1998},
	publisher={Springer}
}

@article{kashani2015review,
	title={A review of LiDAR radiometric processing: From ad hoc intensity correction to rigorous radiometric calibration},
	author={Kashani, Alireza G and Olsen, Michael J and Parrish, Christopher E and Wilson, Nicholas},
	journal={Sensors},
	volume={15},
	number={11},
	pages={28099--28128},
	year={2015},
	publisher={Multidisciplinary Digital Publishing Institute}
}

@article{lefsky2002lidar,
	title={Lidar remote sensing for ecosystem studies: Lidar, an emerging remote sensing technology that directly measures the three-dimensional distribution of plant canopies, can accurately estimate vegetation structural attributes and should be of particular interest to forest, landscape, and global ecologists},
	author={Lefsky, Michael A and Cohen, Warren B and Parker, Geoffrey G and Harding, David J},
	journal={AIBS Bulletin},
	volume={52},
	number={1},
	pages={19--30},
	year={2002},
	publisher={American Institute of Biological Sciences}
}

@article{lim2003lidar,
	title={LiDAR remote sensing of forest structure},
	author={Lim, Kevin and Treitz, Paul and Wulder, Michael and St-Onge, Beno{\^\i}t and Flood, Martin},
	journal={Progress in physical geography},
	volume={27},
	number={1},
	pages={88--106},
	year={2003},
	publisher={Sage Publications}
}

@article{lopez2013insight,
	title={An insight into classification with imbalanced data: Empirical results and current trends on using data intrinsic characteristics},
	author={L{\'o}pez, Victoria and Fern{\'a}ndez, Alberto and Garc{\'\i}a, Salvador and Palade, Vasile and Herrera, Francisco},
	journal={Information Sciences},
	volume={250},
	pages={113--141},
	year={2013},
	publisher={Elsevier}
}

@techreport{maes2013mapping,
	title={Mapping and Assessment of Ecosystems and their Services},
	author={Maes, Joachim and Teller, Anne and Erhard, Markus and Liquete, C and Braat, L and Berry, P and Egoh, B and Puydarrieux, P and Fiorina, C and Santos, F and others},
	institution={Joint Research Center - Institute for Environment and Sustainability},
	number={EUR 27143 EN},
	year={2013}
}

@article{mallet2011relevance,
	title={Relevance assessment of full-waveform lidar data for urban area classification},
	author={Mallet, Cl{\'e}ment and Bretar, Fr{\'e}d{\'e}ric and Roux, Michel and Soergel, Uwe and Heipke, Christian},
	journal={ISPRS Journal of Photogrammetry and Remote Sensing},
	volume={66},
	number={6},
	pages={S71--S84},
	year={2011},
	publisher={Elsevier},
	doi={https://doi.org/10.1016/j.isprsjprs.2011.09.008},
	note={doi: 10.1016/j.isprsjprs.2011.09.008}
}

@article{marquer2017quantifying,
  title={Quantifying the effects of land use and climate on Holocene vegetation in Europe},
  author={Marquer, Laurent and Gaillard, Marie-Jos{\'e} and Sugita, Shinya and Poska, Anneli and Trondman, Anna-Kari and Mazier, Florence and Nielsen, Anne Birgitte and Fyfe, Ralph M and J{\"o}nsson, Anna Maria and Smith, Benjamin and others},
  journal={Quaternary Science Reviews},
  volume={171},
  pages={20--37},
  year={2017},
  publisher={Elsevier}
}

@article{matthews1975comparison,
	title={Comparison of the predicted and observed secondary structure of T4 phage lysozyme},
	author={Matthews, Brian W},
	journal={Biochimica et Biophysica Acta (BBA)-Protein Structure},
	volume={405},
	number={2},
	pages={442--451},
	year={1975},
	publisher={Elsevier}
}

@inproceedings{mckinney2010data,
	title={Data structures for statistical computing in python},
	author={McKinney, Wes and others},
	booktitle={Proceedings of the 9th Python in Science Conference},
	volume={445},
	pages={51--56},
	year={2010},
	organization={Austin, TX}
}

@article{meyer2012multifunctional,
	title={A multifunctional assessment method for compromise optimisation of linear landscape elements},
	author={Meyer, Burghard C and Wolf, Torsten and Grabaum, Ralf},
	journal={Ecological Indicators},
	volume={22},
	pages={53--63},
	year={2012},
	publisher={Elsevier}
}

@inproceedings{moreira2007concave,
	title={Concave hull: A k-nearest neighbours approach for the computation of the region occupied by a set of points},
	booktitle={GRAPP 2007},
	author={Moreira, Adriano and Santos, Maribel Yasmina},
	year={2007},
	publisher={INSTICC Press (Institute for Systems and Technologies of Information, Control and Communication)}
}

@book{nagao2013structural,
	title={A structural analysis of complex aerial photographs},
	author={Nagao, Makoto and Matsuyama, Takashi},
	year={2013},
	publisher={Springer Science \& Business Media},
	pages={52--57},
	chapter={3.2 A Measure of Elongatedness of a Region}
}

@techreport{paracchini2008high,
	title={High nature value farmland in Europe},
	author={Paracchini, Maria Luisa and Petersen, Jan-Erik and Hoogeveen, Ybele and Bamps, Catharina and Burfield, Ian and van Swaay, Chris},
	institution={Joint Research Center - Institute for Environment and Sustainability},
	number={EUR 23480 EN},
	year={2008}
}

@inproceedings{pauly2002efficient,
	title={Efficient simplification of point-sampled surfaces},
	author={Pauly, Mark and Gross, Markus and Kobbelt, Leif P},
	booktitle={Proceedings of the conference on Visualization'02},
	pages={163--170},
	year={2002},
	organization={IEEE Computer Society}
}

@article{pedregosa2011scikit,
	title={Scikit-learn: Machine Learning in {P}ython},
	author={Pedregosa, F. and Varoquaux, G. and Gramfort, A. and Michel, V.
	and Thirion, B. and Grisel, O. and Blondel, M. and Prettenhofer, P.
	and Weiss, R. and Dubourg, V. and Vanderplas, J. and Passos, A. and
	Cournapeau, D. and Brucher, M. and Perrot, M. and Duchesnay, E.},
	journal={Journal of Machine Learning Research},
	volume={12},
	pages={2825--2830},
	year={2011}
}

@book{preparata1985computational,
	title={Computational geometry: an introduction},
	author={Preparata, Franco P and Shamos, Michael},
	year={1985},
	publisher={Springer Science \& Business Media},
	pages={95--149},
	chapter={3. Convex Hulls: Basic Algorithms}
}

@article{quackenbush2004review,
	title={A review of techniques for extracting linear features from imagery},
	author={Quackenbush, Lindi J},
	journal={Photogrammetric Engineering \& Remote Sensing},
	volume={70},
	number={12},
	pages={1383--1392},
	year={2004},
	publisher={American Society for Photogrammetry and Remote Sensing}
}

@article{rabbani2006segmentation,
	title={Segmentation of point clouds using smoothness constraint},
	author={Rabbani, Tahir and Van Den Heuvel, Frank and Vosselmann, George},
	journal={International archives of photogrammetry, remote sensing and spatial information sciences},
	volume={36},
	number={5},
	pages={248--253},
	year={2006}
}

@article{scholefield2016model,
	title={A model of the extent and distribution of woody linear features in rural Great Britain},
	author={Scholefield, Paul and Morton, Dan and Rowland, Clare and Henrys, Peter and Howard, David and Norton, Lisa},
	journal={Ecology and evolution},
	volume={6},
	number={24},
	pages={8893--8902},
	year={2016},
	publisher={Wiley Online Library},
	doi={10.1002/ece3.2607},
	note={doi: 10.1002/ece3.2607}
}

@book{spellerberg1999introduction,
	title={An introduction to applied biogeography},
	author={Spellerberg, Ian F and Sawyer, John WD},
	year={1999},
	publisher={Cambridge University Press},
	doi={10.1086/393452},
	note={doi: 10.1086/393452}
}

@article{song2002assessing,
	title={Assessing the possibility of land-cover classification using lidar intensity data},
	author={Song, Jeong-Heon and Han, Soo-Hee and Yu, KY and Kim, Yong-Il},
	journal={International Archives of Photogrammetry Remote Sensing and Spatial Information Sciences},
	volume={34},
	number={3/B},
	pages={259--262},
	year={2002},
}

@article{stoate2001ecological,
	title={Ecological impacts of arable intensification in Europe},
	author={Stoate, C and Boatman, ND and Borralho, RJ and Carvalho, C Rio and De Snoo, GR and Eden, Pd},
	journal={Journal of environmental management},
	volume={63},
	number={4},
	pages={337--365},
	year={2001},
	publisher={Elsevier}
}

@article{sun2009classification,
	title={Classification of imbalanced data: A review},
	author={Sun, Yanmin and Wong, Andrew KC and Kamel, Mohamed S},
	journal={International Journal of Pattern Recognition and Artificial Intelligence},
	volume={23},
	number={04},
	pages={687--719},
	year={2009},
	publisher={World Scientific}
}

@article{tansey2009object,
	title={Object-oriented classification of very high resolution airborne imagery for the extraction of hedgerows and field margin cover in agricultural areas},
	author={Tansey, Kevin and Chambers, Ian and Anstee, Andrew and Denniss, Anthony and Lamb, Alistair},
	journal={Applied geography},
	volume={29},
	number={2},
	pages={145--157},
	year={2009},
	publisher={Elsevier},
	doi={10.1016/j.apgeog.2008.08.004},
	note={doi: 10.1016/j.apgeog.2008.08.004}
}

@article{thornton2006sub,
	title={Sub-pixel mapping of rural land cover objects from fine spatial resolution satellite sensor imagery using super-resolution pixel-swapping},
	author={Thornton, Matt W and Atkinson, Peter M and Holland, DA},
	journal={International Journal of Remote Sensing},
	volume={27},
	number={3},
	pages={473--491},
	year={2006},
	publisher={Taylor \& Francis},
	doi={10.1080/01431160500207088},
	note={doi: 10.1080/01431160500207088}
}

@inproceedings{toussaint1983solving,
	title={Solving geometric problems with the rotating calipers},
	author={Toussaint, Godfried T},
	booktitle={Proc. IEEE Melecon},
	volume={83},
	pages={A10},
	year={1983}
}

@article{turner1989landscape,
	title={Landscape ecology: the effect of pattern on process},
	author={Turner, Monica Goigel},
	journal={Annual review of ecology and systematics},
	pages={171--197},
	year={1989},
	publisher={JSTOR}
}

@article{van2013modelling,
	title={Modelling the spatial distribution of linear landscape elements in Europe},
	author={Van der Zanden, Emma H and Verburg, Peter H and M{\"u}cher, Caspar A},
	journal={Ecological indicators},
	volume={27},
	pages={125--136},
	year={2013},
	publisher={Elsevier}
}

@article{vannier2014multiscale,
	title={Multiscale comparison of remote-sensing data for linear woody vegetation mapping},
	author={Vannier, Cl{\'e}mence and Hubert-Moy, Laurence},
	journal={International journal of remote sensing},
	volume={35},
	number={21},
	pages={7376--7399},
	year={2014},
	publisher={Taylor \& Francis},
	doi={10.1080/01431161.2014.968683},
	note={doi: 10.1080/01431161.2014.968683}
}

@article{vosselman2013point,
	title={Point cloud segmentation for urban scene classification},
	author={Vosselman, G},
	journal={ISPRS-International Archives of the Photogrammetry, Remote Sensing and Spatial Information Sciences},
	volume={1},
	number={2},
	pages={257--262},
	year={2013}
}

@article{walt2011numpy,
	title={The NumPy array: a structure for efficient numerical computation},
	author={Walt, St{\'e}fan van der and Colbert, S Chris and Varoquaux, Gael},
	journal={Computing in Science \& Engineering},
	volume={13},
	number={2},
	pages={22--30},
	year={2011},
	publisher={IEEE}
}

@article{weinmann2015semantic,
	title={Semantic point cloud interpretation based on optimal neighborhoods, relevant features and efficient classifiers},
	author={Weinmann, Martin and Jutzi, Boris and Hinz, Stefan and Mallet, Cl{\'e}ment},
	journal={ISPRS Journal of Photogrammetry and Remote Sensing},
	volume={105},
	pages={286--304},
	year={2015},
	publisher={Elsevier}
}

@inproceedings{west2004context,
	title={Context-driven automated target detection in 3D data},
	author={West, Karen F and Webb, Brian N and Lersch, James R and Pothier, Steven and Triscari, Joseph M and Iverson, A Evan},
	booktitle={Defense and Security},
	pages={133--143},
	year={2004},
	organization={International Society for Optics and Photonics}
}

@article{yan2015urban,
	title={Urban land cover classification using airborne LiDAR data: A review},
	author={Yan, Wai Yeung and Shaker, Ahmed and El-Ashmawy, Nagwa},
	journal={Remote Sensing of Environment},
	volume={158},
	pages={295--310},
	year={2015},
	publisher={Elsevier}
}
